@article{hughes-monad2arr,
    author = {John Hughes},
    title = {Generalising Monads to Arrows},
    journal = {Science of Computer Programming},
    year = {1998},
    volume = {37},
    pages = {67--111}
}
@article{cat-semantics-arr
 author = {Jacobs, Bart and Heunen, Chris and Hasuo, Ichiro},
 title = {Categorical semantics for arrows},
 journal = {J. Funct. Program.},
 issue_date = {July 2009},
 volume = {19},
 number = {3-4},
 month = jul,
 year = {2009},
 issn = {0956-7968},
 pages = {403--438},
 numpages = {36},
 url = {http://dx.doi.org/10.1017/S0956796809007308},
 doi = {10.1017/S0956796809007308},
 acmid = {1561024},
 publisher = {Cambridge University Press},
 address = {New York, NY, USA},
}
